@article{moody2001,
  title={Reinforcement learning for trading},
  author={Moody, John and Saffell, Matthew},
  journal={Advances in Neural Information Processing Systems},
  year={2001}
}

@article{jiang2017,
  title={Deep reinforcement learning for portfolio management},
  author={Jiang, Zhengyao and Xu, Dixing and Liang, Jinjun},
  journal={arXiv preprint arXiv:1706.10059},
  year={2017}
}

@article{liu2021,
  title={FinRL: A deep reinforcement learning library for automated stock trading in quantitative finance},
  author={Liu, Xiao-Yang and others},
  journal={arXiv preprint arXiv:2106.09685},
  year={2021}
}

@article{li2019,
  title={Risk-sensitive reinforcement learning for trading strategies},
  author={Li, Qiang and others},
  journal={arXiv preprint arXiv:1909.09299},
  year={2019}
}
